@article{c1,
	title={Robotics software frameworks for multi-agent robotic systems development},
	author={I{\~n}igo-Blasco, Pablo and Diaz-del-Rio, Fernando and Romero-Ternero, Ma Carmen and Cagigas-Mu{\~n}iz, Daniel and Vicente-Diaz, Saturnino},
	journal={Robotics and Autonomous Systems},
	volume={60},
	number={6},
	pages={803--821},
	year={2012},
	publisher={Elsevier}
}

@inproceedings{c2,
	title={Mira-middleware for robotic applications},
	author={Einhorn, Erik and Langner, Tim and Stricker, Ronny and Martin, Christian and Gross, Horst-Michael},
	booktitle={Intelligent Robots and Systems (IROS), 2012 IEEE/RSJ International Conference on},
	pages={2591--2598},
	year={2012},
	organization={IEEE}
}

@manual{c3,
	title  = "SmartSoft Approach",
	author = "Hochschule Ulm",
	note   = "\url{http://www.servicerobotik-ulm.de/drupal/?q=node/19}",
	year   = "последний доступ 20 декабря, 2017 года"
}

@article{c4,
	title={Robotics middleware: A comprehensive literature survey and attribute-based bibliography},
	author={Elkady, Ayssam and Sobh, Tarek},
	journal={Journal of Robotics},
	volume={2012},
	year={2012},
	publisher={Hindawi Publishing Corporation}
}

@inproceedings{c5,
	title={Open robot control software: the OROCOS project},
	author={Bruyninckx, Herman},
	booktitle={Robotics and Automation, 2001. Proceedings 2001 ICRA. IEEE International Conference on},
	volume={3},
	pages={2523--2528},
	year={2001},
	organization={IEEE}
}

@article{c6,
	title={YARP: yet another robot platform},
	author={Metta, Giorgio and Fitzpatrick, Paul and Natale, Lorenzo},
	journal={International Journal of Advanced Robotic Systems},
	volume={3},
	number={1},
	pages={8},
	year={2006},
	publisher={SAGE Publications Sage UK: London, England}
}

@inproceedings{c7,
	title={Middleware for robotics: A survey},
	author={Mohamed, Nader and Al-Jaroodi, Jameela and Jawhar, Imad},
	booktitle={Robotics, Automation and Mechatronics, 2008 IEEE Conference on},
	pages={736--742},
	year={2008},
	organization={Ieee}
}